%% This BibTeX bibliography file was created using BibDesk.
%% http://bibdesk.sourceforge.net/


%% Created for Johan Rusvik at 2014-12-09 15:58:22 +0100 


%% Saved with string encoding Unicode (UTF-8) 



@misc{frenkiel1979cellular,
	Author = {Frenkiel, R.H.},
	Date-Added = {2014-12-09 13:13:39 +0000},
	Date-Modified = {2014-12-09 13:19:24 +0000},
	Howpublished = {http://www.google.no/patents/US4144411},
	Title = {Cellular radiotelephone system structured for flexible use of different cell sizes},
	Year = {1979}}

@book{computernetworking,
	Author = {Kurose and Ross},
	Date-Added = {2014-12-09 13:03:47 +0000},
	Date-Modified = {2014-12-09 13:04:39 +0000},
	Edition = {6th},
	Publisher = {Pearson Education},
	Title = {Computer Networking: A Top-Down Approach},
	Year = {2013}}

@webpage{opencellid,
	Date-Added = {2014-12-09 09:59:19 +0000},
	Date-Modified = {2014-12-09 10:00:01 +0000},
	Url = {www.opencellid.org}}

@article{Yang,
	Author = {J. Yang and A. Varshavsky and H. Liu and Y. Chen and M. Gruteser},
	Date-Added = {2014-11-10 12:02:50 +0000},
	Date-Modified = {2014-11-10 12:27:37 +0000},
	Journal = {UbiComp},
	Title = {{Accuracy Characterization of Cell Tower Localization}},
	Year = {2010}}

@article{Chen,
	Author = {M. Y. Chen and T. Sohn and D. Chmlev and D. Hachmel and J. Hightower and J. Hughes and A. LaMarca and F. Potter and I. Smith and A. Varshavsky},
	Date-Added = {2014-11-10 11:56:02 +0000},
	Date-Modified = {2014-11-10 12:27:46 +0000},
	Journal = {UbiComp},
	Title = {{Practical Metropolitan-Scale Positioning for GSM Phones}},
	Year = {2006}}
