%% This BibTeX bibliography file was created using BibDesk.
%% http://bibdesk.sourceforge.net/


%% Created for Johan Rusvik at 2014-09-16 19:06:32 +0200 


%% Saved with string encoding Unicode (UTF-8) 



@article{CrowdsourcingDefinition,
	Author = {Estell{\'e}s-Arolas and Gonz{\'a}les-Ladr{\'o}n-de-Guevara},
	Date-Added = {2014-09-16 15:50:54 +0000},
	Date-Modified = {2014-09-16 15:53:26 +0000},
	Journal = {Journal of Information Science},
	Title = {Towards an integrated crowdsourcing definition},
	Year = {2012}}

@article{DetectionTheory,
	Author = {David Heeger},
	Date-Added = {2014-09-16 15:42:20 +0000},
	Date-Modified = {2014-09-16 15:48:01 +0000},
	Title = {Signal Detection Theory},
	Year = {1997}}

@article{SignalDetectability,
	Author = {Peterson, Birdsall and Fox},
	Date-Added = {2014-09-16 15:40:50 +0000},
	Date-Modified = {2014-09-16 15:42:18 +0000},
	Title = {The Theory of Signal Detectability},
	Year = {1954}}

@book{ComputerNetworking,
	Author = {Kurose and Ross},
	Date-Added = {2014-09-16 15:19:42 +0000},
	Date-Modified = {2014-09-16 15:38:36 +0000},
	Edition = {6th},
	Publisher = {Pearson Education},
	Title = {Computer Networking: A Top-Down Approach},
	Year = {2013}}

@article{AccuracyCellTowerLocalization,
	Author = {Yang, Varshavsky, Liu, Chen and Gruteser},
	Date-Added = {2014-09-16 15:14:33 +0000},
	Date-Modified = {2014-09-16 15:16:13 +0000},
	Title = {Accuracy Characterization of Cell Tower Localization},
	Year = {2010}}

@misc{opencellid,
	Date-Added = {2014-09-16 15:00:08 +0000},
	Date-Modified = {2014-09-16 15:06:58 +0000},
	Howpublished = {www.opencellid.org},
	Title = {OpenCellID},
	Bdsk-Url-1 = {www.opencellid.org}}
